ISA*01*0000000000*01*0000000000*ZZ*ABCDEFGHIJKLMNO*ZZ*123456789012345*101127*1719*U*00400*000003438*0*P*>
GS*RA*4405197800*999999999*20111219*1726*299*X*004060
ST*820*0289
BPR*I*4858.77*C*ACH*PBC
TRN*1*8888856834
CUR*BY*USD
REF*ZZ*8888856834
DTM*020*20111213
N1*PE*1 EDI SOURCE
REF*VR*999999
N1*PR*ABC CORP
ENT*1
RMR*IV*999742**631.55*644.44*12.89*PT*0
REF*PO*9995987985
DTM*999*20111206
RMR*IV*999734**489.81*499.81*10*PT*0
REF*PO*0007986970
DTM*999*20111206
RMR*IV*999740**882.51*900.52*18.01*PT*0
REF*PO*0007987985
DTM*999*20111206
RMR*IV*999735**1559.45*1591.28*31.83*PT*0
REF*PO*0008987657
DTM*999*20111206
RMR*IV*999736**7.78*7.94*0.16*PT*0
REF*PO*0005987886
DTM*999*20111206
RMR*IV*999744**342.17*349.15*6.98*PT*0
REF*PO*0009988315
DTM*999*20111206
RMR*IV*999741**946.68*966*19.32*PT*0
REF*PO*0008987985
DTM*999*20111206
RMR*OS*64024003**-1.18*-1.18*0*CM*0
REF*PO*990209
DTM*999*20111202
SE*35*0289
GE*1*299
IEA*1*000000299
